@Misc{fieldagent,
	title = {[Online] \text{Field Agent}},
	year={2018},
	howpublished = {\url{https://www.fieldagent.net}}
}

@article{cheng2016task,
	title={Task assignment on multi-skill oriented spatial crowdsourcing},
	author={Cheng, Peng and Lian, Xiang and Chen, Lei and Han, Jinsong and Zhao, Jizhong},
	journal={IEEE Transactions on Knowledge and Data Engineering},
	volume={28},
	number={8},
	pages={2201--2215},
	year={2016},
	publisher={IEEE}
}

@inproceedings{cheng2017utility,
	title={Utility-aware ridesharing on road networks},
	author={Cheng, Peng and Xin, Hao and Chen, Lei},
	booktitle={Proceedings of the 2017 ACM International Conference on Management of Data},
	pages={1197--1210},
	year={2017},
	organization={ACM}
}

@article{chen2014gmission,
	title={gmission: A general spatial crowdsourcing platform},
	author={Chen, Zhao and Fu, Rui and Zhao, Ziyuan and Liu, Zheng and Xia, Leihao and Chen, Lei and Cheng, Peng and Cao, Caleb Chen and Tong, Yongxin and Zhang, Chen Jason},
	journal={Proceedings of the VLDB Endowment},
	volume={7},
	number={13},
	pages={1629--1632},
	year={2014},
	publisher={VLDB Endowment}
}

@article{cheng2015reliable,
	title={Reliable diversity-based spatial crowdsourcing by moving workers},
	author={Cheng, Peng and Lian, Xiang and Chen, Zhao and Fu, Rui and Chen, Lei and Han, Jinsong and Zhao, Jizhong},
	journal={Proceedings of the VLDB Endowment},
	volume={8},
	number={10},
	pages={1022--1033},
	year={2015},
	publisher={VLDB Endowment}
}

@inproceedings{cheng2017prediction,
	title={Prediction-based task assignment in spatial crowdsourcing},
	author={Cheng, Peng and Lian, Xiang and Chen, Lei and Shahabi, Cyrus},
	booktitle={Data Engineering (ICDE), 2017 IEEE 33rd International Conference on},
	pages={997--1008},
	year={2017},
	organization={IEEE}
}


@inproceedings{chen2018effective,
	title={Effective Solution for Labeling Candidates with a Proper Ration for Efficient Crowdsourcing},
	author={Chen, Zhao and Cheng, Peng and Zhang, Chen and Chen, Lei},
	booktitle={International Conference on Database Systems for Advanced Applications},
	pages={386--394},
	year={2018},
	organization={Springer}
}

@article{cheng2018experimental,
	title={An experimental evaluation of task assignment in spatial crowdsourcing},
	author={Cheng, Peng and Jian, Xun and Chen, Lei},
	journal={Proceedings of the VLDB Endowment},
	volume={11},
	number={11},
	pages={1428--1440},
	year={2018},
	publisher={VLDB Endowment}
}

@article{cheng2018frog,
	title={FROG: A Fast and Reliable Crowdsourcing Framework},
	author={Cheng, Peng and Lian, Xiang and Jian, Xun and Chen, Lei},
	journal={IEEE Transactions on Knowledge and Data Engineering},
	year={2018},
	publisher={IEEE}
}


@inproceedings{cheng2019cooperation,
	title={Cooperation-Aware Task Assignment in Spatial Crowdsourcing},
	author={Cheng, Peng and  Chen, Lei and Ye, Jieping},
	booktitle={Data Engineering (ICDE), 2019 IEEE 35rd International Conference on},
	year={2019},
	organization={IEEE}
}

@inproceedings{chen2019minimize,
	title={Minimizing Maximum Delay of Task Assignment in Spatial Crowdsourcing},
	author={Chen, Zhao and Cheng, Peng and Zeng, Yuxiang and Tong, Yongxin and  Chen, Lei},
	booktitle={Data Engineering (ICDE), 2019 IEEE 35rd International Conference on},
	year={2019},
	organization={IEEE}
}